@inproceedings{ashtiani2016clustering,
  title={Clustering with Same-Cluster Queries},
  author={Ashtiani, Hassan and Kushagra, Shrinu and Ben-David, Shai},
  booktitle={Advances In Neural Information Processing Systems},
  pages={3216--3224},
  year={2016}
}

@article{ashtiani2015representation,
  title={Representation learning for clustering: A statistical framework},
  author={Ashtiani, Hassan and Ben-David, Shai},
  journal={arXiv preprint arXiv:1506.05900},
  year={2015}
}