@inproceedings{freund1997using,
  title={Using and combining predictors that specialize},
  author={Freund, Yoav and Schapire, Robert E and Singer, Yoram and Warmuth, Manfred K},
  booktitle={Proceedings of the twenty-ninth annual ACM symposium on Theory of computing},
  pages={334--343},
  year={1997},
  organization={ACM}
}
@article{bousquet2002tracking,
  title={Tracking a small set of experts by mixing past posteriors},
  author={Bousquet, Olivier and Warmuth, Manfred K},
  journal={Journal of Machine Learning Research},
  volume={3},
  number={Nov},
  pages={363--396},
  year={2002}
}
@inproceedings{adamskiy2012putting,
  title={Putting Bayes to sleep},
  author={Adamskiy, Dmitry and Warmuth, Manfred K and Koolen, Wouter M},
  booktitle={Advances in Neural Information Processing Systems},
  pages={135--143},
  year={2012}
}